<?xml version="1.0" encoding="UTF-8"?><collection xmlns="http://www.loc.gov/MARC21/slim"><record><leader>00385nam--2200145-i-4500</leader><controlfield tag="001">000013658</controlfield><controlfield tag="002">20161230</controlfield><controlfield tag="005">20161230201030</controlfield><controlfield tag="008">060222s1000------------r-----000-0-eng-d</controlfield><datafield ind1=" " ind2=" " tag="080"><subfield code="a">539.142.3(061.3)</subfield></datafield><datafield ind1=" " ind2=" " tag="245"><subfield code="a">From collectiv states to quarks in nuclei</subfield></datafield><datafield ind1=" " ind2=" " tag="260"><subfield code="a">Berlin, Springer-verlag, 1981 Vii + 413 P</subfield></datafield><datafield ind1=" " ind2=" " tag="490"><subfield code="a">137</subfield></datafield><datafield ind1=" " ind2=" " tag="700"><subfield code="a">Arenhovel, H.And Saruis, A.M</subfield></datafield><datafield ind1=" " ind2=" " tag="852"><subfield code="a">33191</subfield></datafield></record></collection>